@online{benchmark_python,
	author 	= {Jules Kouatchou},
	title 	= {Comparing Python, NumPy, Matlab, Fortran, etc.},
	url 	= {https://modelingguru.nasa.gov/docs/DOC-1762},
	note 	= {Accessed: 01/07/2015, Archived by WebCite\textsuperscript{\textregistered}: \url{http://www.webcitation.org/6VPNt6cav}}
},
@online{wgl, 
	author 	= {Microsoft},
	title 	= {Wglgetprodaddress documentation},
	url 	= {https://msdn.microsoft.com/en-us/library/windows/desktop/dd374386%28v=vs.85%29.aspx},
	note 	= {Accessed: 02/27/2015, Archived by WebCite\textsuperscript{\textregistered}: \url{http://www.webcitation.org/6WemKehYL}}
}


@online{MatlabPricing, 
	author 	= {MathWorks},
	title 	= {Matlab Pricing},
	url 	= {http://de.mathworks.com/pricing-licensing/},
	note 	= {Accessed: 03/22/2015, Archived by WebCite\textsuperscript{\textregistered}: \url{http://www.webcitation.org/6XEFJ0PBE }}
}

@online{IPyhonNotebookFlow, 
	author 	= {Wikipedia},
	title 	= {IPyton},
	url 	= {http://en.wikipedia.org/wiki/IPython},
	note 	= {Accessed: 03/23/2015, Archived by WebCite\textsuperscript{\textregistered}: \url{http://www.webcitation.org/6XFEB9BB3}}
}

@online{IJuliaNotebook, 
	author 	= {IPython},
	title 	= {IJulia Notebook},
	url 	= {http://nbviewer.ipython.org/url/beowulf.csail.mit.edu/18.337/fractals.ipynb},
	note 	= {Accessed: 03/23/2015, Archived by WebCite\textsuperscript{\textregistered}: \url{http://www.webcitation.org/6XFFIHQee }}
}

@online{Paraview, 
	author 	= {Kitware},
	title 	= {Paraview Overview},
	url 	= {http://www.paraview.org/overview/},
	note 	= {Accessed: 03/23/2015, Archived by WebCite\textsuperscript{\textregistered}: \url{http://www.webcitation.org/6XFPu1Wz9}}
}

@online{CLOC, 
	author 	= {Al Danial},
	title 	= {CLOC},
	url 	= {http://cloc.sourceforge.net/},
	note 	= {Accessed: 04/01/2015 : \url{http://www.webcitation.org/6XT73jFkv}}
}

@online{WhyJulia, 
	author 	= {Jeff Bezanson, Stefan Karpinski, Viral Shah, Alan Edelman},
	title 	= {Why We Created Julia},
	url 	= {http://julialang.org/blog/2012/02/why-we-created-julia/},
	note 	= {Accessed: 04/01/2015 : \url{http://www.webcitation.org/6XT6wqYAf}}
}
@online{CCALL, 
	author 	= {Julia Lang},
	title 	= {Calling C and Fortran Code},
	url 	= {http://julia.readthedocs.org/en/latest/manual/calling-c-and-fortran-code/},
	note 	= {Accessed: 04/02/2015 : \url{http://www.webcitation.org/6XUueZYLw}}
}
@online{OpenGLPipeline, 
	author 	= {OpenGL Wiki},
	title 	= {Rendering Pipeline Overview},
	url 	= {https://www.opengl.org/wiki/Rendering_Pipeline_Overview},
	note 	= {Accessed: 04/10/2015 : \url{http://www.webcitation.org/6Xgd8fedi}}
}

@online{JuliaBench, 
	author 	= {Julia Language},
	title 	= {benchmark times},
	url 	= {http://julialang.org/benchmarks/},
	note 	= {Accessed: 04/13/2015 : \url{http://www.webcitation.org/6XlX8Wwft}}
}
http://www.palladiumconsulting.com/2014/09/little-performance-explorations-julia/

@online{JuliaFSCpp, 
	author 	= {Sebastion Good},
	title 	= {Little Performance Explorations},
	url 	= {http://www.palladiumconsulting.com/2014/09/little-performance-explorations-julia/},
	note 	= {Accessed: 04/14/2015 : \url{http://www.webcitation.org/6Xmtrox4u}}
}
@online{FMSolver, 
	author 	= {Amuthan Arunkumar Ramabathiran},
	title 	= {Finite Element programming in Julia},
	url 	= {http://www.codeproject.com/Articles/579983/Finite-Element-programming-in-Julia},
	note 	= {Accessed: 04/14/2015 : \url{http://www.webcitation.org/6XmvHthh5}}
}

@online{LLVMvsGCC, 
	author 	= {Michael Larabel},
	title 	= {COMPILER INTEL BROADWELL LINUX TESTS},
	url 	= {http://openbenchmarking.org/result/1501249-DE-COMPILERB73},
	note 	= {Accessed: 04/15/2015 : \url{http://www.webcitation.org/6XoVX2L1r}}
}

@online{LLVM35vsLLVM36, 
	author 	= {Open Benchmarking},
	title 	= {LLVM CLANG 3.6 COMPILER TESTS},
	url 	= {http://openbenchmarking.org/result/1501259-PTS-CLANGCOM81},
	note 	= {Accessed: 04/15/2015 : \url{http://www.webcitation.org/6XoVc1S0y}}
}


@online{Phoronix, 
	author 	= {Michael Larabel},
	title 	= {Intel Broadwell: GCC 4.9 vs. LLVM Clang 3.5 Compiler Benchmarks},
	url 	= {http://www.phoronix.com/scan.php?page=article&item=clang-gcc-broadwell&num=1},
	note 	= {Accessed: 04/15/2015 : \url{http://www.webcitation.org/6XoW1HeDq}}
}


@online{VTKGallery, 
	author 	= {Kitware},
	title 	= {VTK Gallery},
	url 	= {http://www.vtk.org/gallery/},
	note 	= {Accessed: 04/15/2015 : \url{http://www.webcitation.org/6XodgQgdm}}
}

@online{ReadDlmGC, 
	author 	= {Tanmay Mohapatra},
	title 	= {reduce gc load in readdlm},
	url 	= {https://github.com/JuliaLang/julia/pull/10465},
	note 	= {Accessed: 04/15/2015 : \url{http://www.webcitation.org/6YOc9Qv1T}}
}


@online{MicrosoftLLVM, 
	author 	= {Michael Larabel},
	title 	= {Microsoft Announces An LLVM-Based Compiler For .NET},
	url 	= {http://www.phoronix.com/scan.php?page=news_item&px=microsoft-llvm-dotnet-llilc},
	note 	= {Accessed: 04/15/2015 : \url{http://www.webcitation.org/6YOdC964v}}
}

@online{GoogleAppleLLVM, 
	author 	= {Wired},
	title 	= {The One Last Thread Holding Apple and Google Together},
	url 	= {http://www.wired.com/2013/07/apple-google-llvm/},
	note 	= {Accessed: 04/15/2015 : \url{http://www.webcitation.org/6YOdawS5T}}
}

@online{VispyGithub, 
	author 	= {Github},
	title 	= {surface slow and buggy #892},
	url 	= {https://github.com/vispy/vispy/issues/892},
	note 	= {Accessed: 05/13/2015 : \url{http://www.webcitation.org/6YVE1zeNb}}
}


@online{MayaviGoals,
	author 	= {Enthought},
	title 	= {Mayavi},
	url 	= {http://code.enthought.com/projects/mayavi/},
	note 	= {Accessed: 05/16/2015 : \url{http://www.webcitation.org/6YZNh5oEC}}
}

@online{VispyGoals,
	author 	= {Enthought},
	title 	= {Vispy},
	url 	= {http://vispy.org/},
	note 	= {Accessed: 05/16/2015 : \url{http://www.webcitation.org/6YZPFZODy}}
}

@online{BenchmarkSource,
	author 	= {Simon Danisch},
	title 	= {Bachelor Thesis},
	url 	= {http://vispy.org/},
	note 	= {Accessed: 05/16/2015 : \url{http://www.webcitation.org/6YZPFZODy}}
}

@online{GLFW,
	author 	= {GLFW},
	title 	= {GLFW},
	url 	= {http://www.glfw.org/},
	note 	= {Accessed: 05/22/2015 : \url{http://www.webcitation.org/6YiVA6PY7}}
}

@online{Reactive,
	author 	= {Shashi Gowda},
	title 	= {Reactive},
	url 	= {https://github.com/JuliaLang/Reactive.jl},
	note 	= {Accessed: 05/22/2015 : \url{http://www.webcitation.org/6YiVI2SUy}}
}

@online{Elm,
	author 	= {Evan Czaplicki },
	title 	= {Elm},
	url 	= {http://elm-lang.org/},
	note 	= {Accessed: 05/22/2015 : \url{http://www.webcitation.org/6YiVPsavP}}
}

@ARTICLE{2012arXiv1209.5145B,
   author = {{Bezanson}, J. and {Karpinski}, S. and {Shah}, V.~B. and {Edelman}, A.
	},
    title = "{Julia: A Fast Dynamic Language for Technical Computing}",
  journal = {ArXiv e-prints},
archivePrefix = "arXiv",
   eprint = {1209.5145},
 primaryClass = "cs.PL",
 keywords = {Computer Science - Programming Languages, Computer Science - Computational Engineering, Finance, and Science, D.3.2},
     year = 2012,
    month = sep,
   adsurl = {http://adsabs.harvard.edu/abs/2012arXiv1209.5145B},
  adsnote = {Provided by the SAO/NASA Astrophysics Data System}
}

@ARTICLE{2012arXiv1209.5145B,
   author = {{Bezanson}, J. and {Karpinski}, S. and {Shah}, V.~B. and {Edelman}, A.
	},
    title = "{Julia: A Fast Dynamic Language for Technical Computing}",
  journal = {ArXiv e-prints},
archivePrefix = "arXiv",
   eprint = {1209.5145},
 primaryClass = "cs.PL",
 keywords = {Computer Science - Programming Languages, Computer Science - Computational Engineering, Finance, and Science, D.3.2},
     year = 2012,
    month = sep,
   adsurl = {http://adsabs.harvard.edu/abs/2012arXiv1209.5145B},
  adsnote = {Provided by the SAO/NASA Astrophysics Data System}
}

@online{Tedrahedra,
	author 	= {Tracy Wadleigh},
	title 	= {Iso Surfaces},
	url 	= {https://github.com/JuliaGeometry/Meshes.jl/blob/master/src/isosurface.jl},
	note 	= {Accessed: 05/24/2015 : \url{http://www.webcitation.org/6Yltap0ze}}
}

@misc{Liland565821,
   author = {Liland, Eivind Lyngsnes},
   institution = {Norwegian University of Science and Technology, Department of Computer and Information Science},
   pages = {166},
   publisher = {Institutt for datateknikk og informasjonsvitenskap},
   school = {Norwegian University of Science and Technology, Department of Computer and Information Science},
   title = {Path Rasterizer for OpenVG},
   year = {2007}
}

@inproceedings{Green:2007:IAM:1281500.1281665,
 author = {Green, Chris},
 title = {Improved Alpha-tested Magnification for Vector Textures and Special Effects},
 booktitle = {ACM SIGGRAPH 2007 CoÂ´Wurses},
 series = {SIGGRAPH '07},
 year = {2007},
 isbn = {978-1-4503-1823-5},
 location = {San Diego, California},
 pages = {9--18},
 numpages = {10},
 url = {http://doi.acm.org/10.1145/1281500.1281665},
 doi = {10.1145/1281500.1281665},
 acmid = {1281665},
 publisher = {ACM},
 address = {New York, NY, USA},
} 



@online{Rust, 
	author 	= {Rust Language},
	title 	= {Rust},
	url 	= {http://www.rust-lang.org/},
	note 	= {Accessed: 04/26/2015 : \url{http://www.webcitation.org/6YoVz6hnx}}
}

@online{LLVMAMD, 
	author 	= {Michael Larabel},
	title 	= {Future Work On The AMD GPU LLVM Back-End},
	url 	= {http://www.phoronix.com/scan.php?page=news_item&px=MTUxNTg},
	note 	= {Accessed: 04/26/2015 : \url{http://www.webcitation.org/6YoW7fDyt}}
}

@online{LLVMNvidia, 
	author 	= {The Register},
	title 	= {Nvidia ditches homegrown C/C++ compiler for LLVM},
	url 	= {http://www.theregister.co.uk/2011/12/16/nvidia_llvm_cuda_app_dev/},
	note 	= {Accessed: 04/26/2015 : \url{http://www.webcitation.org/6YoWHmFJF}}
}


@article{marques2009gpu,
  title={GPU ray casting},
  author={Marques, Ricardo and Santos, Lu{\'\i}s Paulo and Leskovsky, Peter and Paloc, C{\'e}line},
  year={2009},
  publisher={Grupo Portugu{\^e}s de Computa{\c{c}}{\~a}o Gr{\'a}fica}
}



@online{FXAA, 
	author 	= {Matt DesLauriers},
	title 	= {A WebGL implementation of Fast Approximate Anti-Aliasing},
	url 	= {https://github.com/mattdesl/glsl-fxaa},
	note 	= {Accessed: 05/31/2015 : \url{http://www.webcitation.org/6ZpGVIT54}} 
}

@online{Meshes, 
	author 	= {JuliaGeometry},
	title 	= {Generation and manipulation of triangular meshes},
	url 	= {https://github.com/JuliaGeometry/Meshes.jl},
	note 	= {Accessed: 07/07/2015 : \url{http://www.webcitation.org/6ZpGGB4uX}}
}

@online{Compose3D, 
	author 	= {Rohit Varkey Thankachan},
	title 	= {A library to try and extend Compose.jl to 3D.},
	url 	= {https://github.com/rohitvarkey/Compose3D.jl},
	note 	= {Accessed: 07/07/2015 : \url{http://www.webcitation.org/6ZpGc9yrS}}
}

@online{ModernGL, 
	author 	= {Simon Danisch},
	title 	= {OpenGL 3+ bindings for Julia},
	url 	= {https://github.com/JuliaGL/ModernGL.jl},
	note 	= {Accessed: 07/07/2015 : \url{http://www.webcitation.org/6ZpHoUgQl}}
}

@online{GLAbstraction, 
	author 	= {Simon Danisch},
	title 	= {Utility package for ModernGL},
	url 	= {https://github.com/JuliaGL/GLAbstraction.jl},
	note 	= {Accessed: 07/07/2015 : \url{http://www.webcitation.org/6ZpHzv8m5}}
}

@online{GLVisualize, 
	author 	= {Simon Danisch},
	title 	= {Visualization library written in Julia and OpenGL},
	url 	= {https://github.com/JuliaGL/GLVisualize.jl},
	note 	= {Accessed: 07/07/2015 : \url{http://www.webcitation.org/6ZpI9ZS6G}}
}


@online{PalladiumConsulting, 
	author 	= {Palladium Consulting},
	title 	= {Scientific and business computing for technology leaders},
	url 	= {http://www.palladiumconsulting.com/},
	note 	= {Accessed: 07/07/2015 : \url{http://www.webcitation.org/6ZpIgxe5w}}
}

@online{Cxx, 
	author 	= {Keno Fischer},
	title 	= {The Julia C++ Foreign Function Interface (FFI)},
	url 	= {https://github.com/Keno/Cxx.jl},
	note 	= {Accessed: 07/07/2015 : \url{http://www.webcitation.org/6ZpIgxe5w}}
}

@online{Clang, 
	author 	= {Keno Fischer},
	title 	= {clang: a C language family frontend for LLVM},
	url 	= {http://clang.llvm.org/},
	note 	= {Accessed: 07/07/2015 : \url{http://www.webcitation.org/6ZpNGZVlR}}
}

@online{gcc, 
	author 	= {Free Software Foundation, Inc.},
	title 	= {GCC, the GNU Compiler Collection},
	url 	= {https://gcc.gnu.org/},
	note 	= {Accessed: 07/07/2015 : \url{http://www.webcitation.org/6ZpNOvGqe}}
}


@online{Rust, 
	author 	= {Mozilla},
	title 	= {Rust},
	url 	= {http://www.rust-lang.org/},
	note 	= {Accessed: 07/07/2015 : \url{http://www.webcitation.org/6ZpNxAAaN}}
}


@online{SWIFT, 
	author 	= {Apple},
	title 	= {A modern programming language that is safe, fast, and interactive},
	url 	= {https://developer.apple.com/swift/},
	note 	= {Accessed: 07/07/2015 : \url{http://www.webcitation.org/6ZpOHva47}}
}

@online{Khronos, 
	author 	= {Khronos Group},
	title 	= {The Khronos Group - Connecting Software to Silicon},
	url 	= {https://www.khronos.org/},
	note 	= {Accessed: 07/07/2015 : \url{http://www.webcitation.org/6ZpP5nDGX}}
}



@online{Aaalexandrov, 
	author 	= {Aaalexandrov},
	title 	= {Aaalexandrov's Github page},
	url 	= {https://github.com/aaalexandrov},
	note 	= {Accessed: 07/07/2015 : \url{http://www.webcitation.org/6ZpYD5CyV}}
}

@online{GLPlot, 
	author 	= {Simon Danisch},
	title 	= {Plotting for Julia with OpenGL},
	url 	= {https://github.com/SimonDanisch/GLPlot.jl},
	note 	= {Accessed: 08/07/2015 : \url{http://www.webcitation.org/6ZrAkkm6j}}
}

@online{Osmosis, 
	author 	= {Simon Danisch},
	title 	= {Chat client for Julia },
	url 	= {https://github.com/SimonDanisch/Osmosis.jl},
	note 	= {Accessed: 08/07/2015 : \url{http://www.webcitation.org/6ZrApnEoT}}
}


@book{SpirV,
	author 		= {Kessenich, John and Ouriel, Boaz},
	title 		= {SPIR-V Specification (Provisional)},
	edition 	= {1},
	url 		= {https://www.khronos.org/registry/spir-v/specs/1.0/SPIRV.pdf},
	publisher 	= {Khronos Group},
	year 		= {2015},
	pages 		= {2}
}

@online{FreeType, 
	author 	= {Werner Lemberg},
	title 	= {FreeType is a freely available software library to render fonts},
	url 	= {http://www.freetype.org/},
	note 	= {Accessed: 09/07/2015 : \url{http://www.webcitation.org/6ZtqPHjCA}}
}


@online{AddSub, 
	author 	= {AddSub},
	title 	= {Tools to make your ideas a reality!},
	url 	= {http://addsub.io/},
	note 	= {Accessed: 09/07/2015 : \url{http://www.webcitation.org/6Zu0xE0rq}}
}

@online{Benchmarks, 
	author 	= {Simon Danisch},
	title 	= {Benchmarks},
	url 	= {https://github.com/SimonDanisch/BachelorThesis/tree/master/data/benchmarks},
	note 	= {Accessed: 14/07/2015 : \url{http://www.webcitation.org/6a1bBOJhY}}
}
@online{ZMQ, 
	author 	= {iMatix Corporation},
	title 	= {ZMQ},
	url 	= {http://zeromq.org/},
	note 	= {Accessed: 14/07/2015 : \url{http://www.webcitation.org/6a1fkmLVK}}
}