@Book{buch,
	author = {Max Mustermann},
	title = {Ich bin ein Buch},
	publisher = {Verlag},
	year = {2013}
}


@ONLINE{benchmark_python,
	author = {Jules Kouatchou},
	title = {Comparing Python, NumPy, Matlab, Fortran, etc.},
	url = {https://modelingguru.nasa.gov/docs/DOC-1762},
	note = {Accessed: 01.07.2015, Archived by WebCite\textsuperscript{\textregistered}: \url{http://www.webcitation.org/6VPNt6cav}}
}

